% Required: author, title, journal, year
% Optional: volume, number, pages, month, note, key

@article{key,
  author={First M. Last},
  title={This is a title},
  journal={Journal of Something},
  year={2019},
}
