% Required: author or editor, title, publisher, year
% Optional: volume, series, address, edition, month, note, key

@book{key,
  title={This is a title},
  author={First M. Last},
  publisher={Best Publishing},
  year={2019},
}
