% Required: author, title, booktitle, year
% Optional: editor, pages, organization, publisher, address, month, note, key

@inproceedings{key,
  author={First M. Last},
  title={This is a title},
  booktitle={{Proc. of the Conference on Something}},
  year={2019},
}
