% Required: author, title, school, year
% Optional: address, month, note, key

@phdthesis{key,
  author={First Last},
  title={This is the title},
  school={University of Something},
  year={2019},

  address={City, Country},
}
