/home/adam/phd/tex/mm/bibliography.bib