@article{gierlak2017adaptive,
  title = {Adaptive Position/Force Control for Robot Manipulator in Contact with a Flexible Environment},
  author = {Piotr Gierlak and Marcin Szuster},
  journal = {{Robotics and Autonomous Systems}},
  volume = {95},
  pages = {80--101},
  doi = {10.1016/j.robot.2017.05.015},
  year = {2017}
}

@inproceedings{pliego-jimenez2015adaptive,
  title = {Adaptive Position/Force Control for Robot Manipulators in Contact with a Rigid Surface with Unknown Parameters},
  author = {J. Pliego-Jiménez and M. A. Arteaga-Pérez},
  booktitle = {{Proc. of the European Control Conference (ECC)}},
  pages = {3603--3608},
  doi = {10.1109/ECC.2015.7331090},
  year = {2015}
}
